<?xml version="1.0" encoding="UTF-8"?><collection xmlns="http://www.loc.gov/MARC21/slim"><record><leader>00389nam--2200133-i-4500</leader><controlfield tag="001">000014458</controlfield><controlfield tag="002">20161230</controlfield><controlfield tag="005">20161230201030</controlfield><controlfield tag="008">060222s1000------------r-----000-0-eng-d</controlfield><datafield ind1=" " ind2=" " tag="080"><subfield code="a">54.386:546.657:546.799.5(043)</subfield></datafield><datafield ind1=" " ind2=" " tag="100"><subfield code="a">Bouhlassa, Saiditi</subfield></datafield><datafield ind1=" " ind2=" " tag="245"><subfield code="a">Complexes citriques et citrates de neodyme et d`americium. these</subfield></datafield><datafield ind1=" " ind2=" " tag="260"><subfield code="a">Orsay, Universite Paris-sud, 1981 202 P</subfield></datafield><datafield ind1=" " ind2=" " tag="852"><subfield code="a">71132</subfield></datafield></record></collection>